@MISC {unknown2021,
    author   = "ALTERA",
    title    = "de2-115 User Manual",
    year     = "2008", %unknown
    month    = "5", %unknown
    howpublished = {online from
    \url{https://www.intel.com/content/dam/altera-www/global/en_US/portal/dsn/42/doc-us-dsnbk-42-1404062209-de2-115-user-manual.pdf}}
}

@ARTICLE {ericmccreath2008,
    author   = "Eric McCreath",
    title    = "Registers and Finite State Machines",
    year     = "2008", %unknown
    month    = "5", %unknown
    crossref = "http://courses.cecs.anu.edu.au/courses/COMP6300/notes/34fsm.slides.pdf"
}
}
