@misc{glisc,
	author={{Grey Literature International Steering Committee}},
	title={{GLISC}},
	month={10},
	year={2014},
	note = "[Online; acedido em Outubro 2014]"
}

@article{NuscaEtAll:2019,
Abstract = {The article reports on the economic prospects for the streaming music company Spotify. It mentions the founding of the company by Daniel Ek, the possibilities for expansion including the streaming of podcasts, and the need to find ways to compete against other sources of digital music.},
Author = {Nusca, Andrew and Abril, Danielle and Barrett, Eamon and Bellstrom, Kristen and Clifford, Lee and Decarlo, Scott and Elegant, Naomi and Jenkins, Aric and King, Rachel and Kowitt, Beth and Lashinsky, Adam and Marinova, Polina and Mashayekhi, Rey and McGregor, Grady and Mukherjee, Sy and O'Keefe, Brian and Rapp, Nicolas},
ISSN = {00158259},
Journal = {Fortune},
Keywords = {Streaming audio, Business expansion, Economic competition, Digital sound recording, Podcasts, Spotify Ltd., Ek, Daniel},
Number = {5},
Pages = {84 - 92},
Title = {SPOTIFY SAVED THE MUSIC INDUSTRY. NOW WHAT? (cover story).},
Volume = {180},
URL = {shorturl.at/dfoA4},
Year = {2019},
}


@MISC {donaldahodges2000,
    author       = "Donald A Hodges",
    title        = "Implications of Music and Brain Research",
    month        = "9",
    year         = "2000",
    howpublished = {online from URL: \url{https://bit.ly/3qzF58n}},
}

@MISC {mansooriqbal2000,
    author       = {Mansoor Iqbal},
    title        = {Spotify Usage and Revenue Statistics (2020)},
    howpublished = {online from URL: \url{https://bit.ly/3lT5ivg}},
    month        = "10",
    year         = "2000",
}

@MISC {nicklivermore&jonboon&danfallon2000,
    author       = "Nick Livermore \& Jon Boon \& Dan Fallon",
    title        = "Spotify Advertising: Everything You Need to Know",
    howpublished = {online from URL: \url{https://bit.ly/3mTjaXE}},
    month        = "2",
    year         = "2019",
}

@MISC {tiagomonteiro&miguelmonteiro&joãofranco2019,
    author       = "Tiago Monteiro \& Miguel Monteiro \& João Franco",
    title        = "Spotify - Evolução tecnológica",
   howpublished = {online from URL: \url{https://bit.ly/3qDb0Vq}},
    month        = "2",
    year         = "2020",
}

@MISC {visão2020,
    author       = "Visão",
    title        = "Spotify chega aos 320 milhões de utilizadores",
    howpublished = {online from URL: \url{https://bit.ly/3gkAqT0}},
    month        = "10",
    year         = "2020",
    
}

@MISC {manuelpestanamachado2018,
    author       = "Manuel Pestana Machado",
    title        = "MÚSICA Seguir × Siga o tópico Música e receba um alerta assim que um novo artigo é publicado. Spotify e Apple Music ganham concorrência em Portugal -- ficou disponível o YouTube Music",
   howpublished = {online from URL: \url{https://bit.ly/39SfS38}},
    month        = "11",
    year         = "2018",
}

@MISC {andrewtseng2020,
    author       = "Andrew Tseng",
    title        = "Where Will Spotify Be in 10 Years?",
    howpublished = {online from URL: \url{https://bit.ly/3ot1HWk}},
    month        = "5",
    year         = "2020",
}

@MISC {davehenry2020,
    author       = "Dave Henry",
    title        = "AAC vs Ogg: Which is Better?",
 howpublished = {online from URL: \url{https://www.tuneskit.com/drm-basics/aac-vs-ogg.html}},
    month        = "10",
    year         = "2020",
}
